@misc{bitpacking,
  title={Bit packing of integers},
  howpublished={\url{https://en.wikipedia.org/wiki/Bit_pack}}
}

@misc{java-timing,
  title={Timing in Java with System.nanoTime},
  howpublished={\url{https://docs.oracle.com/javase/8/docs/api/java/lang/System.html#nanoTime--}}
}
